
@incollection{delia17,
  author      = "D'Elia, Marta and Bochev, Pavel and Littlewood, David J. and Perego, Mauro",
  title       = "Optimization-based coupling of local and nonlocal models:  Applications to peridynamics",
  editor      = "Voyiadjis, George Z.",
  booktitle   = "Handbook of Nonlocal Continuum Mechanics for Materials and Structures",
  publisher   = "Springer",
  note        = "\emph{In preparation}",
}

@incollection{seleson17,
  author      = "Seleson, Pablo and Littlewood, David J.",
  title       = "Numerical tools for effective meshfree discretizations of peridynamic models",
  editor      = "Voyiadjis, George Z.",
  booktitle   = "Handbook of Nonlocal Continuum Mechanics for Materials and Structures",
  publisher   = "Springer",
  note        = "\emph{In preparation}",
}

@incollection{littlewood16,
  author      = "Littlewood, David J.",
  title       = "Roadmap for software implementation",
  editor      = "Bobaru, Florin and Geubelle, Philippe H. and Foster, John T. and Silling, Stewart A.",
  booktitle   = "Handbook of Peridynamic Modeling",
  publisher   = "CRC Press",
  year        = 2016,
  chapter     = 5,
}

@incollection{azdoud16,
  author      = "Azdoud, Yan and Han, Fei and Littlewood, David J. and Lubineau, Gilles and Seleson, Pablo",
  title       = "Coupling local and nonlocal models",
  editor      = "Bobaru, Florin and Geubelle, Philippe H. and Foster, John T. and Silling, Stewart A.",
  booktitle   = "Handbook of Peridynamic Modeling",
  publisher   = "CRC Press",
  year        = 2017,
  chapter     = 14,
}
