
@misc{acta_materialia,
  title = "Acta {M}aterialia",
}

@misc{cmame,
  title = "Computer {M}ethods in {A}pplied {M}echanics and {E}ngineering",
}

@misc{gete,
  title = "Geomechanics for {E}nergy and the {E}nvironment",
}

@misc{ijnme,
  title = "International {J}ournal for {N}umerical {M}ethods in {E}ngineering",
}

@misc{ijmce,
  title = "International {J}ournal for {M}ultiscale {C}omputational {E}ngineering",
}

@misc{ijf,
  title = "International {J}ournal of {F}atigue",
}

@misc{ijp,
  title = "International {J}ournal of {P}lasticity",
}

@misc{ijss,
  title = "International {J}ournal of {S}olids and {S}tructures",
}

@misc{jam,
  title = "Journal of {A}pplied {M}echanics",
}
