
@misc{wccm2020,
  author = "Littlewood, David and Tufo, Henry and Okuda, Hiroshi",
  title = "Software design and implementation for hierarchical parallel architectures",
  howpublished = "14th World Congress on Computational Mechanics ({WCCM} XIV) and 8th European Congress on Computational Methods in Applied Sciences and Engineering ({ECCOMAS} 2020), Paris, France (virtual conference)",
  year = "2021",
}

@misc{usnccm2017,
  author = "Han, Fei and Seleson, Pablo and Lubineau, Gilles and Littlewood, David J. and Ha, Youn Doh",
  title = "Nonlocal theories and multiscale methods for complex material behavior",
  howpublished = "World Congress on Computational Mechanics, Seoul, Korea",
  year = "2016",
}

@misc{arizona2017,
  author = "Littlewood, David J. and Parks, Michael L. and Foulk, James W. and Mota, Alejandro",
  title = "Recent Advances in Nonlocal Computational Mechanics",
  howpublished = "11th U.S.~National Congress on Computational Mechanics, Minneapolis, Minnesota",
  year = "2011",
}
